Backstrom06
Finin07
Bonacich01
Friedkin
AAAI sensing with chat status -- that CMU guy
Tarjan08 -- Internet Mathematics